ISA*00*          *00*          *ZZ*BLUECROSS     *ZZ*HOSPICE001    *250127*1015*^*00501*000000301*0*P*:~
GS*HP*BLUECROSS*HOSPICE001*20250127*1015*301*X*005010X221A1~
ST*835*0001*005010X221A1~
BPR*I*17550.00*C*ACH*CTX*01*021000033*DA*999888777*5555444333**01*987654321*20250127~
TRN*1*5555444333301*1234567890~
REF*EV*BC-123456701~
DTM*405*20250127~
N1*PR*BLUE CROSS BLUE SHIELD~
N3*225 NORTH MICHIGAN AVE~
N4*CHICAGO*IL*60601~
PER*CX*PROVIDER RELATIONS*TE*8007778888~
REF*2U*36-1234567~
N1*PE*COMPASSIONATE HOSPICE CARE*XX*1234567890~
N3*123 HEALING WAY~
N4*HEALTHCARE CITY*CA*90210~
REF*TJ*98-7654321~
LX*1~
CLP*BC-RHC-001*1*6225.00*5600.00*625.00*MC*BC-CLM-001*11*1~
NM1*QC*1*BROWN*ELIZABETH*K***MI*BC987654321~
NM1*IL*1*BROWN*ELIZABETH*K***MI*BC987654321~
NM1*82*1*JOHNSON*ROBERT*D*DR**XX*9876543210~
DTM*232*20250101~
DTM*233*20250131~
REF*1K*CLAIM-BC-001~
AMT*AU*5600.00~
CAS*CO*45*625.00~
CAS*PR*3*0.00~
SVC*HC:Q5001*6225.00*5600.00**31~
DTM*472*20250101~
DTM*471*20250131~
CAS*CO*45*625.00~
AMT*B6*5600.00~
LX*2~
CLP*BC-RHC-002*1*6225.00*5600.00*0.00*MC*BC-CLM-002*11*1~
NM1*QC*1*TAYLOR*WILLIAM*P***MI*BC876543210~
NM1*IL*1*TAYLOR*WILLIAM*P***MI*BC876543210~
NM1*82*1*JOHNSON*ROBERT*D*DR**XX*9876543210~
DTM*232*20250101~
DTM*233*20250131~
REF*1K*CLAIM-BC-002~
AMT*AU*5600.00~
CAS*CO*45*625.00~
SVC*HC:Q5001*6225.00*5600.00**31~
DTM*472*20250101~
DTM*471*20250131~
CAS*CO*45*625.00~
AMT*B6*5600.00~
LX*3~
CLP*BC-GIP-001*1*8950.00*6350.00*2600.00*MC*BC-CLM-003*11*1~
NM1*QC*1*JACKSON*MARGARET*L***MI*BC765432109~
NM1*IL*1*JACKSON*MARGARET*L***MI*BC765432109~
NM1*82*1*JOHNSON*ROBERT*D*DR**XX*9876543210~
DTM*232*20250110~
DTM*233*20250114~
REF*1K*CLAIM-BC-003~
AMT*AU*6350.00~
CAS*CO*45*1200.00~
CAS*PR*2*1400.00~
SVC*HC:Q5004*1790.00*1270.00**5~
DTM*472*20250110~
DTM*471*20250114~
CAS*CO*45*240.00~
CAS*PR*2*280.00~
AMT*B6*6350.00~
PLB*1234567890*20250127*FB*200.00*BC-CLM-002*WO*-50.00**1~
SE*74*0001~
GE*1*301~
IEA*1*000000301~
