ISA*00*          *00*          *ZZ*STATEMCAID    *ZZ*HOSPICE001    *250127*0945*^*00501*000000201*0*P*:~
GS*HP*STATEMCAID*HOSPICE001*20250127*0945*201*X*005010X221A1~
ST*835*0001*005010X221A1~
BPR*I*14950.00*C*ACH*CTX*01*021000099*DA*555666777*9876543210**01*987654321*20250127~
TRN*1*9876543210201*1234567890~
REF*EV*55566677701~
DTM*405*20250127~
N1*PR*STATE MEDICAID PROGRAM~
N3*100 STATE HOUSE PLAZA~
N4*CAPITAL CITY*ST*55555~
PER*CX*PROVIDER SERVICES*TE*8005556666~
REF*2U*55-6677889~
N1*PE*COMPASSIONATE HOSPICE CARE*XX*1234567890~
N3*123 HEALING WAY~
N4*HEALTHCARE CITY*CA*90210~
REF*TJ*98-7654321~
LX*1~
CLP*MCD-GIP-001*1*8950.00*8950.00*0.00*MB*STATE-001*11*1~
NM1*QC*1*WILLIAMS*JAMES*M***MI*MC123456789~
NM1*82*1*JOHNSON*ROBERT*D*DR**XX*9876543210~
DTM*232*20250101~
DTM*233*20250105~
REF*1K*CLAIM-GIP-001~
AMT*AU*8950.00~
SVC*HC:Q5004*1790.00*1790.00**5~
DTM*472*20250101~
DTM*471*20250105~
AMT*B6*8950.00~
LX*2~
CLP*MCD-CONT-001*1*3000.00*3000.00*0.00*MB*STATE-002*11*1~
NM1*QC*1*DAVIS*LINDA*R***MI*MC234567890~
NM1*82*1*JOHNSON*ROBERT*D*DR**XX*9876543210~
DTM*232*20250110~
DTM*233*20250112~
REF*1K*CLAIM-CONT-001~
AMT*AU*3000.00~
SVC*HC:Q5003*1000.00*1000.00**3~
DTM*472*20250110~
DTM*471*20250112~
AMT*B6*3000.00~
LX*3~
CLP*MCD-RHC-001*1*3000.00*3000.00*0.00*MB*STATE-003*11*1~
NM1*QC*1*MILLER*GEORGE*T***MI*MC345678901~
NM1*82*1*JOHNSON*ROBERT*D*DR**XX*9876543210~
DTM*232*20250115~
DTM*233*20250129~
REF*1K*CLAIM-RHC-001~
AMT*AU*3000.00~
SVC*HC:Q5001*200.00*200.00**15~
DTM*472*20250115~
DTM*471*20250129~
AMT*B6*3000.00~
SE*56*0001~
GE*1*201~
IEA*1*000000201~
