ISA*00*          *00*          *ZZ*UNITEDHLTH    *ZZ*HOSPICE001    *250127*1245*^*00501*000000501*0*P*:~
GS*HP*UNITEDHLTH*HOSPICE001*20250127*1245*501*X*005010X221A1~
ST*835*0001*005010X221A1~
BPR*I*13275.00*C*ACH*CTX*01*021000044*DA*111222333*4445556666**01*987654321*20250127~
TRN*1*4445556666501*1234567890~
REF*EV*UHC-987654~
DTM*405*20250127~
N1*PR*UNITED HEALTHCARE~
N3*9900 BREN ROAD EAST~
N4*MINNETONKA*MN*55343~
PER*CX*NETWORK OPERATIONS*TE*8006665555~
REF*2U*41-1234567~
N1*PE*COMPASSIONATE HOSPICE CARE*XX*1234567890~
N3*123 HEALING WAY~
N4*HEALTHCARE CITY*CA*90210~
REF*TJ*98-7654321~
LX*1~
CLP*UHC-PART-001*1*6225.00*5400.00*825.00*MC*UHC-P001*11*1~
NM1*QC*1*WHITE*JENNIFER*L***MI*UHC987654321~
NM1*IL*1*WHITE*JENNIFER*L***MI*UHC987654321~
NM1*82*1*JOHNSON*ROBERT*D*DR**XX*9876543210~
DTM*232*20250101~
DTM*233*20250131~
REF*1K*CLAIM-UHC-001~
AMT*AU*5400.00~
CAS*CO*45*375.00~
CAS*PR*1*450.00~
SVC*HC:Q5001*6225.00*5400.00**31~
DTM*472*20250101~
DTM*471*20250131~
CAS*CO*45*375.00~
CAS*PR*1*450.00~
AMT*B6*5400.00~
LX*2~
CLP*UHC-PART-002*1*8950.00*7875.00*1075.00*MC*UHC-P002*11*1~
NM1*QC*1*HARRIS*CHARLES*M***MI*UHC876543210~
NM1*IL*1*HARRIS*CHARLES*M***MI*UHC876543210~
NM1*82*1*JOHNSON*ROBERT*D*DR**XX*9876543210~
DTM*232*20250108~
DTM*233*20250112~
REF*1K*CLAIM-UHC-002~
AMT*AU*7875.00~
CAS*CO*45*1075.00~
CAS*PR*3*0.00~
SVC*HC:Q5004*1790.00*1575.00**5~
DTM*472*20250108~
DTM*471*20250112~
CAS*CO*45*215.00~
AMT*B6*7875.00~
LX*3~
CLP*UNMATCHED-999*1*3000.00*3000.00*0.00*MC*UHC-P003*11*1~
NM1*QC*1*NOTFOUND*PATIENT*X***MI*UHC000000000~
NM1*IL*1*NOTFOUND*PATIENT*X***MI*UHC000000000~
NM1*82*1*JOHNSON*ROBERT*D*DR**XX*9876543210~
DTM*232*20250120~
DTM*233*20250127~
REF*1K*CLAIM-NOT-IN-SYSTEM~
AMT*AU*3000.00~
SVC*HC:Q5001*428.57*428.57**7~
DTM*472*20250120~
DTM*471*20250127~
AMT*B6*3000.00~
PLB*1234567890*20250127*FB*125.00*UHC-P001*WO*-100.00**1~
SE*71*0001~
GE*1*501~
IEA*1*000000501~
