ISA*00*          *00*          *ZZ*AETNA         *ZZ*HOSPICE001    *250127*1130*^*00501*000000401*0*P*:~
GS*HP*AETNA*HOSPICE001*20250127*1130*401*X*005010X221A1~
ST*835*0001*005010X221A1~
BPR*I*0.00*C*NON*NON****1234567890**01*987654321*20250127~
TRN*1*1234567890401*1234567890~
REF*EV*AETNA-123456~
DTM*405*20250127~
N1*PR*AETNA HEALTH INSURANCE~
N3*151 FARMINGTON AVE~
N4*HARTFORD*CT*06156~
PER*CX*CLAIMS INQUIRY*TE*8009998888~
REF*2U*06-1234567~
N1*PE*COMPASSIONATE HOSPICE CARE*XX*1234567890~
N3*123 HEALING WAY~
N4*HEALTHCARE CITY*CA*90210~
REF*TJ*98-7654321~
LX*1~
CLP*DENY-001*4*6225.00*0.00*0.00*MC*AETNA-D001*11*1~
NM1*QC*1*WILSON*THOMAS*R***MI*AET123456789~
NM1*IL*1*WILSON*THOMAS*R***MI*AET123456789~
NM1*82*1*JOHNSON*ROBERT*D*DR**XX*9876543210~
DTM*232*20250101~
DTM*233*20250131~
REF*1K*CLAIM-DENY-001~
AMT*AU*0.00~
CAS*CO*97*6225.00~
SVC*HC:Q5001*6225.00*0.00**31~
DTM*472*20250101~
DTM*471*20250131~
CAS*CO*97*6225.00~
AMT*B6*0.00~
LX*2~
CLP*DENY-002*4*8950.00*0.00*0.00*MC*AETNA-D002*11*1~
NM1*QC*1*MOORE*SUSAN*A***MI*AET234567890~
NM1*IL*1*MOORE*SUSAN*A***MI*AET234567890~
NM1*82*1*JOHNSON*ROBERT*D*DR**XX*9876543210~
DTM*232*20250110~
DTM*233*20250114~
REF*1K*CLAIM-DENY-002~
AMT*AU*0.00~
CAS*CO*16*8950.00~
SVC*HC:Q5004*1790.00*0.00**5~
DTM*472*20250110~
DTM*471*20250114~
CAS*CO*16*1790.00~
AMT*B6*0.00~
LX*3~
CLP*DENY-003*4*6225.00*0.00*0.00*MC*AETNA-D003*11*1~
NM1*QC*1*CLARK*RICHARD*J***MI*AET345678901~
NM1*IL*1*CLARK*RICHARD*J***MI*AET345678901~
NM1*82*1*JOHNSON*ROBERT*D*DR**XX*9876543210~
DTM*232*20250115~
DTM*233*20250131~
REF*1K*CLAIM-DENY-003~
AMT*AU*0.00~
CAS*CO*29*6225.00~
SVC*HC:Q5001*6225.00*0.00**17~
DTM*472*20250115~
DTM*471*20250131~
CAS*CO*29*6225.00~
AMT*B6*0.00~
LX*4~
CLP*DENY-004*22*3000.00*0.00*0.00*MC*AETNA-D004*11*1~
NM1*QC*1*RODRIGUEZ*MARIA*C***MI*AET456789012~
NM1*IL*1*RODRIGUEZ*MARIA*C***MI*AET456789012~
NM1*82*1*JOHNSON*ROBERT*D*DR**XX*9876543210~
DTM*232*20250120~
DTM*233*20250122~
REF*1K*CLAIM-DENY-004~
AMT*AU*0.00~
CAS*CO*50*3000.00~
SVC*HC:Q5003*1000.00*0.00**3~
DTM*472*20250120~
DTM*471*20250122~
CAS*CO*50*1000.00~
AMT*B6*0.00~
SE*78*0001~
GE*1*401~
IEA*1*000000401~
