ISA*00*          *00*          *ZZ*00123         *ZZ*HOSPICE001    *250127*0830*^*00501*000000101*0*P*:~
GS*HP*00123*HOSPICE001*20250127*0830*101*X*005010X221A1~
ST*835*0001*005010X221A1~
BPR*I*18675.00*C*ACH*CTX*01*021000021*DA*123456789*1234567890**01*987654321*20250127~
TRN*1*1234567890101*1234567890~
REF*EV*98765432101~
DTM*405*20250127~
N1*PR*MEDICARE~
N3*7500 SECURITY BLVD~
N4*BALTIMORE*MD*21244~
PER*CX*CLAIMS DEPARTMENT*TE*8003334444~
REF*2U*12-3456789~
N1*PE*COMPASSIONATE HOSPICE CARE*XX*1234567890~
N3*123 HEALING WAY~
N4*HEALTHCARE CITY*CA*90210~
REF*TJ*98-7654321~
LX*1~
CLP*MED-RHC-001*1*6225.00*6225.00*0.00*MC*1234567890101*11*1~
NM1*QC*1*ANDERSON*MARY*J***MI*1EG4TE5MK73~
NM1*82*1*JOHNSON*ROBERT*D*DR**XX*9876543210~
DTM*232*20250101~
DTM*233*20250131~
REF*1K*CLAIM-RHC-001~
AMT*AU*6225.00~
SVC*HC:Q5001*6225.00*6225.00**31~
DTM*472*20250101~
DTM*471*20250131~
AMT*B6*6225.00~
LX*2~
CLP*MED-RHC-002*1*6225.00*6225.00*0.00*MC*1234567890102*11*1~
NM1*QC*1*MARTINEZ*ROBERT*L***MI*2AB5CD6NK84~
NM1*82*1*JOHNSON*ROBERT*D*DR**XX*9876543210~
DTM*232*20250101~
DTM*233*20250131~
REF*1K*CLAIM-RHC-002~
AMT*AU*6225.00~
SVC*HC:Q5001*6225.00*6225.00**31~
DTM*472*20250101~
DTM*471*20250131~
AMT*B6*6225.00~
LX*3~
CLP*MED-RHC-003*1*6225.00*6225.00*0.00*MC*1234567890103*11*1~
NM1*QC*1*THOMPSON*PATRICIA*A***MI*3CD6EF7PL95~
NM1*82*1*JOHNSON*ROBERT*D*DR**XX*9876543210~
DTM*232*20250101~
DTM*233*20250131~
REF*1K*CLAIM-RHC-003~
AMT*AU*6225.00~
SVC*HC:Q5001*6225.00*6225.00**31~
DTM*472*20250101~
DTM*471*20250131~
AMT*B6*6225.00~
PLB*1234567890*20250127*WO*-150.00**1~
SE*59*0001~
GE*1*101~
IEA*1*000000101~
